<?xml version="1.0" encoding="UTF-8"?><collection xmlns="http://www.loc.gov/MARC21/slim"><record><leader>00444nam--2200121-i-4500</leader><controlfield tag="001">000018788</controlfield><controlfield tag="002">20161230</controlfield><controlfield tag="005">20161230201032</controlfield><controlfield tag="008">060222s1000------------r-----000-0-eng-d</controlfield><datafield ind1=" " ind2=" " tag="245"><subfield code="a">Connecteurs utilises aux frequences jusqu a 3 mhz:connecteurs pour recepteurs de radiodiffusion et equipements electroacoustiques similaires</subfield></datafield><datafield ind1=" " ind2=" " tag="260"><subfield code="a">Geneve, Commission Electrotechnique Internationale, 1962-1965. 35 P</subfield></datafield><datafield ind1=" " ind2=" " tag="490"><subfield code="a">Publication 130</subfield></datafield><datafield ind1=" " ind2=" " tag="852"><subfield code="a">21398</subfield></datafield></record></collection>